<record><leader>01520cam a2200421 a 4500</leader><controlfield tag="001">6669929</controlfield><controlfield tag="003">OCoLC</controlfield><controlfield tag="005">20140818144917.0</controlfield><controlfield tag="008">131218s2015    enk      b    001 0 eng d</controlfield><datafield ind1="7" ind2=" " tag="016"><subfield code="a">016724089</subfield><subfield code="2">Uk</subfield></datafield><datafield ind1=" " ind2=" " tag="020"><subfield code="a">9781138778030 (vol. 4)</subfield></datafield><datafield ind1=" " ind2=" " tag="020"><subfield code="a">1138778036</subfield></datafield><datafield ind1=" " ind2=" " tag="020"><subfield code="a">9781138024878 (set)</subfield></datafield><datafield ind1=" " ind2=" " tag="035"><subfield code="a">(Sirsi) i9781138778030</subfield></datafield><datafield ind1=" " ind2=" " tag="035"><subfield code="a">ocn866614747</subfield></datafield><datafield ind1=" " ind2=" " tag="040"><subfield code="a">BTCTA</subfield><subfield code="b">eng</subfield><subfield code="c">BTCTA</subfield><subfield code="d">UKMGB</subfield><subfield code="d">AEU</subfield></datafield><datafield ind1="0" ind2=" " tag="041"><subfield code="a">enm</subfield><subfield code="b">eng</subfield></datafield><datafield ind1=" " ind2="4" tag="050"><subfield code="a">PR2065</subfield><subfield code="b">.A6 2015</subfield></datafield><datafield ind1="0" ind2="4" tag="082"><subfield code="a">820.9/351</subfield><subfield code="2">23</subfield></datafield><datafield ind1="0" ind2=" " tag="130"><subfield code="a">Avowing of Arthur.</subfield></datafield><datafield ind1="1" ind2="4" tag="245"><subfield code="a">The avowing of King Arthur /</subfield><subfield code="c">[edited by] Roger Dahood.</subfield></datafield><datafield ind1=" " ind2=" " tag="260"><subfield code="a">Abingdon, Oxon ;</subfield><subfield code="a">New York :</subfield><subfield code="b">Routledge,</subfield><subfield code="c">2015.</subfield></datafield><datafield ind1=" " ind2=" " tag="300"><subfield code="a">155 pages ;</subfield><subfield code="c">22 cm.</subfield></datafield><datafield ind1=" " ind2=" " tag="336"><subfield code="a">text</subfield><subfield code="b">txt</subfield><subfield code="2">rdacontent</subfield></datafield><datafield ind1=" " ind2=" " tag="337"><subfield code="a">unmediated</subfield><subfield code="b">n</subfield><subfield code="2">rdamedia</subfield></datafield><datafield ind1=" " ind2=" " tag="338"><subfield code="a">volume</subfield><subfield code="b">nc</subfield><subfield code="2">rdacarrier</subfield></datafield><datafield ind1="1" ind2=" " tag="490"><subfield code="a">Routledge library editions. Arthurian literature ;</subfield><subfield code="v">v. 4</subfield></datafield><datafield ind1=" " ind2=" " tag="500"><subfield code="a">First published 1984.</subfield></datafield><datafield ind1=" " ind2=" " tag="504"><subfield code="a">Includes bibliographical references (pages 39-47) and index.</subfield></datafield><datafield ind1=" " ind2=" " tag="546"><subfield code="a">Middle English text with English introduction and notes.</subfield></datafield><datafield ind1=" " ind2=" " tag="596"><subfield code="a">29</subfield></datafield><datafield ind1="0" ind2="0" tag="600"><subfield code="a">Gawain</subfield><subfield code="c">(Legendary character)</subfield><subfield code="v">Romances.</subfield></datafield><datafield ind1=" " ind2="0" tag="650"><subfield code="a">Arthurian romances.</subfield></datafield><datafield ind1="1" ind2=" " tag="700"><subfield code="a">Dahood, Roger,</subfield><subfield code="d">1942-</subfield></datafield><datafield ind1=" " ind2="0" tag="830"><subfield code="a">Routledge library editions.</subfield><subfield code="p">Arthurian literature ;</subfield><subfield code="v">v. 4.</subfield></datafield><datafield ind1=" " ind2=" " tag="949"><subfield code="a">PR2065 .A6 2015</subfield><subfield code="h">GMCT-OS-B</subfield><subfield code="i">1007415092</subfield><subfield code="p">129.90</subfield><subfield code="k">AVAIL_SOON</subfield></datafield><datafield ind1=" " ind2=" " tag="090"><subfield code="a">PR2065 .A6 2015</subfield><subfield code="b">AEGMCT</subfield></datafield><datafield ind1=" " ind2=" " tag="926"><subfield code="a">PR2065 .A6 2015</subfield><subfield code="w">LC</subfield><subfield code="c">1</subfield><subfield code="i">1007415092</subfield><subfield code="d">10/9/2014</subfield><subfield code="l">ON_SHELF</subfield><subfield code="m">GR_MACEWAN</subfield><subfield code="p">$123.71</subfield><subfield code="r">Y</subfield><subfield code="s">Y</subfield><subfield code="t">BOOK</subfield><subfield code="u">9/3/2014</subfield></datafield></record>